% This file was created with JabRef 2.7b.
% Encoding: UTF-8

@ARTICLE{ASCE1996,
  author = {ASCE task committee on modeling of oil spills of the water resources
	engineering division},
  title = {State-of-the-art review of modelling transport and fate of oil spills},
  journal = {J. Hydraul. Eng.},
  year = {1996},
  volume = {122(11)},
  pages = {594-609},
  owner = {saul},
  timestamp = {2014.08.20}
}

@ARTICLE{GNOME,
  author = {Beegle-Krause, C. J.},
  title = {General {NOAA} oil modelling environment ({GNOME}): A new spill trajectory
	model},
  journal = {Proceedings of the 2001 International Oil Spill Conference},
  year = {2001},
  volume = {2},
  pages = {865-871},
  owner = {saul},
  timestamp = {2014.08.26}
}

@ARTICLE{Bennet1982,
  author = {Bennet, A. F. and McIntosh, P. C.},
  title = {Open Ocean Modelling as an Inverse Problem: Tidal Theory},
  journal = {Journal of Physical Oceanography},
  year = {1982},
  volume = {12},
  pages = {1004-1-18},
  owner = {saul},
  timestamp = {2014.02.18}
}

@ARTICLE{Bosanquet1936,
  author = {Bosanquet, C.H. and Pearson, J.L.},
  title = {The spread of smoke and gases from chimneys},
  journal = {Trans. Faraday Soc.},
  year = {1936},
  volume = {32},
  pages = {1249},
  owner = {saul},
  timestamp = {2014.08.27}
}

@ARTICLE{Carlsson2009,
  author = {G. Carlsson},
  title = {Topology and data},
  journal = {Bulletin of the American Mathematical Society},
  year = {2009},
  volume = {46(2)},
  pages = {225-308},
  owner = {saul},
  timestamp = {2014.10.09}
}

@ARTICLE{Chao2003,
  author = {X. Chao and N. J. Shankar and S. S. Y. Wang},
  title = {Development and Application of Oil Spill Model for {S}ingapore Coastal
	Waters},
  journal = {J. Hydraul. Eng.},
  year = {2003},
  volume = {129},
  pages = {495-503},
  owner = {saul},
  timestamp = {2014.08.15}
}

@CONFERENCE{Chazal2009,
  author = {F. Chazal and D. Cohen-Steiner and L. J. Guibas and F. Memoli and
	S. Y. Oudot},
  title = {{G}romov-{H}ausdorff Stable Signatures for Shapes using Persistence},
  booktitle = {Eurographics Symposium on Geometry Processing},
  year = {2009},
  editor = {M. Alexa and M. Kazhdan},
  volume = {28},
  number = {5},
  owner = {saul},
  timestamp = {2014.10.09}
}

@ARTICLE{Copeland1991,
  author = {A. H. Copeland and R. S. Segall and C. D. Ringo and B. Moore III},
  title = {Mathematical modelling of inverse problems for oceans},
  journal = {Applications of Mathematical Modelling},
  year = {1991},
  volume = {15},
  pages = {586-595},
  owner = {saul},
  timestamp = {2014.02.18}
}

@ARTICLE{Crimaldi2002,
  author = {J. P. Crimaldi and M. B. Wiley and J. R. Koseff},
  title = {The relationship between mean and instantaneous structure in turbulent
	passive scalar plumes},
  journal = {Journal of Turbulence},
  year = {2002},
  volume = {3},
  pages = {014},
  owner = {saul},
  timestamp = {2014.08.12}
}

@ARTICLE{Dominicis2013,
  author = {M. De Dominicis and N. Pinardi and G. Zodiatis and R. Archetti},
  title = {{MEDSLIK-II}, a {L}agrangian marine surface oil spill model for short-term
	forecasting - Part 2: Numerical simulations and validations},
  journal = {Geosci. Model Dev.},
  year = {2013},
  volume = {6},
  pages = {1871-1888},
  institution = {Geosci. Model Dev.},
  owner = {saul},
  timestamp = {2014.08.28}
}

@ARTICLE{Dominicis2013a,
  author = {M. De Dominicis and N. Pinardi and G. Zodiatis and R. Lardner},
  title = {{MEDSLIK-II}, a {L}agrangian marine surface oil spill model for short-term
	forecasting - Part 1: Theory},
  journal = {Geosci. Model Dev.},
  year = {2013},
  volume = {6},
  pages = {1851-1869},
  owner = {saul},
  timestamp = {2014.08.28}
}

@BOOK{Edelsbrunner2010,
  title = {Computational topology: an introduction},
  publisher = {American Mathematical Society},
  year = {2010},
  author = {H. Edelsbrunner and J. Harer},
  owner = {saul},
  timestamp = {2014.10.09}
}

@ARTICLE{Elkinton1984,
  author = {J.S. Elkinton and R.T. Carde and C.J. Mason},
  title = {Evaluation of Time-Average Dispersion Models for Estimating Pheromone
	Concentration in a Deciduous Forest},
  journal = {Journal of Chemical Ecology},
  year = {1984},
  volume = {10},
  pages = {1081-1108},
  owner = {saul},
  timestamp = {2014.02.18}
}

@ARTICLE{Fahad2015,
  author = {M. Fahad and N. Saul and Y. Guo and B. Bingham},
  title = {Robotic Simulation of Dynamic Plume Tracking by Unmanned Surface
	Vessels},
  journal = {Submitted IEEE International Conference on Robotics and Automation},
  year = {2015},
  owner = {saul},
  timestamp = {2014.09.30}
}

@ARTICLE{Farrell2002,
  author = {J. A. Farrell and J. Mulis and X. Long and W. Li and R. Carde},
  title = {Filament-Based Atmospheric Dispersion Model to Achieve Short Time-Scale
	Structures of Odor Plumes},
  journal = {Environmental Fluid Mechanics},
  year = {2002},
  volume = {2},
  pages = {142-169},
  owner = {saul},
  timestamp = {2014.02.18}
}

@ARTICLE{Farrell2003,
  author = {J. A. Farrell and S. Pang and W. Li},
  title = {Plume Mapping via Hidden {M}arkov Methods},
  journal = {IEEE Transactions on Systems, Man and Cybernetics},
  year = {2003},
  volume = {33},
  pages = {850-863},
  owner = {saul},
  timestamp = {2014.02.18}
}

@ARTICLE{Grasso2001,
  author = {F. W. Grasso},
  title = {Invertebrate-Inspired Sensory-Motor Systems and Autonomous, Olfactory-Guided
	Exploration},
  journal = {Biology Bulletin},
  year = {2001},
  volume = {200},
  pages = {160-168},
  owner = {saul},
  timestamp = {2014.06.03}
}

@ARTICLE{Grossmann2002,
  author = {R. Grossmann and N. Kiryati and R. Kimmel},
  title = {Computational surface flattening: A voxel-based approach},
  journal = {IEEE Transactions on Pattern Analysis and Machine Intelligence},
  year = {2002},
  volume = {24},
  pages = {433-411},
  owner = {saul},
  timestamp = {2014.10.09}
}

@ARTICLE{Heimann2009,
  author = {T. Heimann and H Meinzer},
  title = {Statistical shape models for 3{D} medical image segmentation: A review},
  journal = {Medical Image Analysis},
  year = {2009},
  volume = {13},
  pages = {543-563},
  number = {4},
  owner = {saul},
  timestamp = {2014.10.09}
}

@ARTICLE{Huang2010,
  author = {A.S. Huang and E. Olson and D. C. Moore},
  title = {{LCM}: {L}ightweight {C}ommunications and {M}arshalling},
  journal = {Proc. Int. Conf. on Intelligent Robots and Systems (IROS)},
  year = {2010},
  owner = {saul},
  timestamp = {2014.09.30}
}

@PHDTHESIS{Jakuba2007,
  author = {M. V. Jakuba},
  title = {Stochastic Mapping for Chemical Plume Source Localization with Application
	to Autonomous Hydrothermal Vent Discovery},
  school = {Massachusetts Institute of Technology},
  year = {2007},
  owner = {saul},
  timestamp = {2014.02.18}
}

@ARTICLE{Jin2014,
  author = {X. Jin and A. Ray},
  title = {Navigation of autonomous vehicles for oil spill cleaning in dynamic
	and uncertain environments},
  journal = {International Journal of Control},
  year = {2014},
  volume = {Vol 87},
  pages = {787-801},
  owner = {saul},
  timestamp = {2014.08.20}
}

@ARTICLE{Jones1983,
  author = {C.D Jones},
  title = {On the Structure of Instantaneous Plumes in the Atmospher},
  journal = {Journal of Hazardous Materials},
  year = {1983},
  volume = {7},
  pages = {87-112},
  owner = {saul},
  timestamp = {2014.08.12}
}

@ARTICLE{Keymeulen1994,
  author = {D. Keymeulen and J. Decuyper},
  title = {The Fluid Dynamics applied to Mobile Robot Motion: the Stream Field
	Method},
  journal = {IEEE International Conference on Robotics and Automation},
  year = {1994},
  volume = {1},
  pages = {378-385},
  owner = {saul},
  timestamp = {2014.08.28}
}

@ARTICLE{Kinzelbach1990,
  author = {W. Kinzelbach},
  title = {Simulation of pollutant transport in groundwater with the random
	walk method},
  journal = {Groundwater Monitoring and Management},
  year = {1990},
  volume = {173},
  pages = {265-279},
  owner = {saul},
  timestamp = {2014.06.03}
}

@ARTICLE{Kitanidis1994,
  author = {P. K. Kitanidis},
  title = {Particle-tracking equations for the solution of the advection-dispersion
	equation with variable coefficients},
  journal = {Water Resources Research},
  year = {1994},
  volume = {11},
  pages = {3225-3227},
  owner = {saul},
  timestamp = {2014.06.03}
}

@ARTICLE{Konishi2013,
  author = {Y. Konishi},
  title = {Tactile stimulation with {K}inesiology tape alleviates muscle weakness
	attributable to attenuation of la afferents},
  journal = {Journal of Science and Medicine in Sport},
  year = {2013},
  volume = {16},
  pages = {45-48},
  owner = {saul},
  timestamp = {2014.10.09}
}

@ARTICLE{Korotenko2000,
  author = {K.A. Korotenko and R. M. Mamedov and C.N.K. Mooers},
  title = {Prediction of the Dispersal of Oil Transport in the {C}aspian {S}ea
	Resulting from a Continuous Release},
  journal = {Spill Science \& Technology Bulletin},
  year = {2000},
  volume = {6},
  pages = {323-339},
  owner = {saul},
  timestamp = {2014.08.15}
}

@ARTICLE{Lepore2008,
  author = {F. Lepore and C. Brun and Yi-Yu Chou and Ming-Chang Chiang},
  title = {Generalized Tensor-Based Morphometry of {HIV/AIDS} using Multivariate
	statistics on deformation tensors},
  journal = {IEEE Transactions on Medical Imaging},
  year = {2008},
  volume = {27},
  pages = {129-141},
  owner = {saul},
  timestamp = {2014.10.09}
}

@ARTICLE{Lepore2008a,
  author = {N. Lepore and C. Brun and X. Pennec and Yi-Yu Chou and O.L. Lopez
	and H.J. Aizenstein and J.T. Becker and A.W. Toga and P.M. Thompson},
  title = {Mean template for tensor-based morphometry using deformation tensors},
  journal = {Medical Image Computing and Computer-Assisted Intervention},
  year = {2008},
  volume = {4792},
  pages = {826-833},
  owner = {saul},
  timestamp = {2014.10.09}
}

@CONFERENCE{Li2014,
  author = {S. Li and Y. Guo and B. Bingham},
  title = {Multi-robot Cooperative Control for Monitoring and Tracking Dynamic
	Plumes},
  booktitle = {IEEE International Conference on Robotics and Automation},
  year = {2014},
  owner = {saul},
  timestamp = {2014.02.18}
}

@ARTICLE{Li2006,
  author = {W. Li and J. A. Farrel and S. Pang and R. M. Arrieta},
  title = {Moth-Inspired Chemical Plume Tracing on an Autonomous Underwater
	Vehicle},
  journal = {IEEE Transactions on Robotics},
  year = {2006},
  volume = {22},
  pages = {292-307},
  owner = {saul},
  timestamp = {2014.02.18}
}

@ARTICLE{Lushi2010,
  author = {E. Lushi and J. M. Stockie},
  title = {An inverse {G}aussian plume approach for estimating atmospheric pollutant
	emissions from multiple point sources},
  journal = {Atmospheric Environment},
  year = {2010},
  volume = {44},
  pages = {1097-1107},
  owner = {saul},
  timestamp = {2014.02.18}
}

@ARTICLE{Marjovi2014,
  author = {A. Marjovi and L. Marques},
  title = {Optimal Swarm Formation for Odor Plume Finding},
  journal = {IEEE Transactions on Cybernetics},
  year = {2014},
  volume = {To Appear},
  owner = {saul},
  timestamp = {2014.08.20}
}

@ARTICLE{Nagheeby2010,
  author = {M. Nagheeby and M. Kolahdoozan},
  title = {Numerical modelling of two-phase fluid flow and oil slick transport
	in estuarine water},
  journal = {Int. J. Environ. Sci. Tech},
  year = {2010},
  volume = {7(4)},
  pages = {771-784},
  owner = {saul},
  timestamp = {2014.08.12}
}

@ARTICLE{OSullivan2011,
  author = {D. O'Sullivan and S. P. Bird},
  title = {Utilization of Kinesio Taping for Fascia Unloading},
  journal = {International Journal of Athletic Therapy and Training},
  year = {2011},
  volume = {16},
  pages = {21-27},
  owner = {saul},
  timestamp = {2014.10.10}
}

@ARTICLE{Osorio2013,
  author = {J. Osorio and G.L. Vairo and G.D. Rozea and P.J. Bosha and R.L. Millard
	and D.F. Aukerman and W. J. Sebastianelli},
  title = {The effects of two therapeutic patellofemoral taping techniques on
	strength, endurance, and pain responses},
  journal = {Physical Therapy in Sport},
  year = {2013},
  volume = {14},
  pages = {199-206},
  owner = {saul},
  timestamp = {2014.10.09}
}

@ARTICLE{pang06chemical,
  author = {S. Pang and J. A. Farrell},
  title = {Chemical plume source localization},
  journal = {IEEE Transactions on Systems, Man and Cybernetics---{P}art {B}: Cybernetics},
  year = {2006},
  volume = {36},
  pages = {1068-1081},
  number = {5},
  owner = {saul},
  timestamp = {2014.02.18}
}

@BOOK{Press2007,
  title = {Numerical Recipies},
  publisher = {Cambridge University Press},
  year = {2007},
  author = {W. H. Press and S. A. Teukolsky and W. T. Vetterling and B. P. Flannery},
  owner = {saul},
  timestamp = {2014.02.18}
}

@CONFERENCE{Sahyoun2010,
  author = {S. S. Sahyoun and S. M. Djouadi and H. Qi},
  title = {Dynamic Plume Tracking Using Mobile Sensors},
  booktitle = {American Control Conference},
  year = {2010},
  owner = {saul},
  timestamp = {2014.08.12}
}

@BOOK{Sauer2012,
  title = {Numerical Analysis},
  publisher = {Pearson},
  year = {2012},
  author = {T. Sauer},
  owner = {saul},
  timestamp = {2014.02.18}
}

@ARTICLE{Shraiman2000,
  author = {B. I. Shraiman and E. D. Siggia},
  title = {Scalar turbulence},
  journal = {Nature},
  year = {2000},
  volume = {405},
  pages = {639-646},
  owner = {saul},
  timestamp = {2014.06.03}
}

@BOOK{Tarantola2005,
  title = {Inverse Problem Theory and Methods for Model Parameter Estimation},
  publisher = {Siam},
  year = {2005},
  author = {A. Tarantola},
  owner = {saul},
  timestamp = {2014.02.18}
}

@ARTICLE{Thistle2004,
  author = {H. W. Thistle and H. Peterson and G. Allwine and B. Lamb and T. Strand
	and E. H. Holsten and P. J. Shea},
  title = {Surrogate Pheromone Plumes in Three Forest Trunk Spaces: Composite
	Statistics and Case Studies},
  journal = {Forest Science},
  year = {2004},
  volume = {50(5)},
  owner = {saul},
  timestamp = {2014.02.18}
}

@ARTICLE{Warhaft2000,
  author = {Z. Warhaft},
  title = {Passive Scalars in Turbulent Flows},
  journal = {Annual Review of Fluid Mechanics},
  year = {2000},
  volume = {32},
  pages = {203-240},
  owner = {saul},
  timestamp = {2014.06.03}
}

@ARTICLE{Webster2001a,
  author = {D.R. Webster and S. Rahman and L. P. Dasi},
  title = {On the usefulness of bilateral comparison to tracking turbulent chemical
	odor plumes},
  journal = {Limnol. Oceanogr.},
  year = {2001},
  volume = {46(5)},
  pages = {1048-1053},
  owner = {saul},
  timestamp = {2014.08.13}
}

@ARTICLE{Webster2001,
  author = {D.R. Webster and M.J. Weissburg},
  title = {Chemosensory guidance cues in a turbulent chemical odor plume},
  journal = {Limnol. Oceanogr.},
  year = {2001},
  volume = {46(5)},
  pages = {1034-1047},
  owner = {saul},
  timestamp = {2014.08.12}
}

@CONFERENCE{Zarzhitsky2005,
  author = {D. Zarzhitsky and D.F Spears and W. M. Spears},
  title = {Swarms for chemical plume tracing},
  booktitle = {Swarm Intelligence Symposium},
  year = {2005},
  owner = {saul},
  timestamp = {2014.08.15}
}

@ARTICLE{Zhang2007,
  author = {F. Zhang and E. Fiorelli and N. E. Leonard},
  title = {Exploring Scalar Fields Using Multiple Sensor Platforms: Tracking
	Level Curves},
  journal = {IEEE Conference on Decision and Control},
  year = {2007},
  pages = {3579-3584},
  owner = {saul},
  timestamp = {2014.08.28}
}



